@misc{hdfs,
  title = {{Hadoop Distributed File System (HDFS)}},
  howpublished = "\url{http://hortonworks.com/hadoop/hdfs/}",
  year = {2014}, 
}
@misc{fuse,
	title = {MountableHDFS},
	howpublished =
	{\url{https://wiki.apache.org/hadoop/MountableHDFS}},
}
@misc{nfs,
	title = {HDFS NFS Gateway},
	howpublished =
	{\url{http://hadoop.apache.org/docs/r2.3.0/hadoop-project-dist/hadoop-hdfs/HdfsNfsGateway.html}},
}
@misc{lib,
	title = {LibHDFS},
	howpublished =
	{\url{http://wiki.apache.org/hadoop/LibHDFS}},
}
@misc{native,
	title = {Native HDFS Fuse},
	howpublished =
	{\url{https://github.com/remis-thoughts/native-hdfs-fuse}},
}
@misc{proxy,
	title = {hdfs-nfs-proxy},
	howpublished =
	{\url{https://github.com/cloudera/hdfs-nfs-proxy}},
}
@misc{mpich,
	title = {MPICH},
	howpublished =
	{\url{www.mpich.org}},
}

@misc{openmpi,
	title = {Open MPI},
	howpublished =
	{\url{http://www.open-mpi.org/}},
	note = {Accessed: 2014-08-11}
}
@incollection{mpilustre1,
	title={Towards a high performance implementation of MPI-IO on the
		Lustre file system},
	author={Dickens, Phillip and Logan, Jeremy},
	booktitle={On the Move to Meaningful Internet Systems: OTM 2008},
	pages={870--885},
	year={2008},
	publisher={Springer}
}
@article{hadooplustre,
	title={Map/reduce on lustre-hadoop performance in hpc environments},
	author={Rutman, N},
	journal={Langstone Road, Havant, Hampshire, P09 ISA, England,
		Tech. Rep},
	year={2011}
}
@INPROCEEDINGS{xlu, 
	author={Xiaoyi Lu and Bing Wang and Li Zha and Zhiwei Xu}, 
	booktitle={Parallel Processing Workshops (ICPPW), 2011 40th
		International Conference on}, 
	title={Can MPI Benefit Hadoop and MapReduce Applications?}, 
	year={2011}, 
	month={Sept}, 
	pages={371-379}, 
	doi={10.1109/ICPPW.2011.56}, 
	ISSN={1530-2016},}
@inproceedings{yarn2013,
	title={Apache hadoop yarn: Yet another resource negotiator},
	author={Vavilapalli, Vinod Kumar and Murthy, Arun C and Douglas, Chris and Agarwal, Sharad and Konar, Mahadev and Evans, Robert and Graves, Thomas and Lowe, Jason and Shah, Hitesh and Seth, Siddharth and others},
	booktitle={Proceedings of the 4th annual Symposium on Cloud Computing},
	pages={5},
	year={2013},
	organization={ACM}
}
@ARTICLE{jha:a,
	AUTHOR = "Shantenu Jha and Judy Qiu and Andr√© Luckow and Pradeep Kumar
		Mantha and Geoffrey Charles Fox",
	TITLE = "A Tale of Two Data-Intensive Paradigms: Applications,
	Abstractions, and Architectures",
	JOURNAL = "CoRR",
	PAGES = {-1--1},
	YEAR = {2014},
}
@TECHREPORT{CMU-PDL-12-115,
	AUTHOR =        {Chuck Cranor, Milo Polte, Garth Gibson},
	TITLE =         {HPC Computation on Hadoop Storage with PLFS},
	NUMBER =        {CMU-PDL-12-115},
	INSTITUTION =   {Parallel Data Laboratory, Carnegie Mellon University},
	ADDRESS =       {Pittsburgh, PA},
	MONTH =         {November},
	YEAR  =         {2012},
	URL   =         {http://www.pdl.cmu.edu/PDL-FTP/HECStorage/CMU-PDL-12-115.pdf}
}
